@BOOK{book:Matveev2008,
      author = "Матвеев, М. Г. and Свиридов, А. С. and Алейникова, Н. А.",
      title = "Модели и методы искусственного интеллекта. Применение в экономике: учеб. пособие",
      address = "М.",
      publisher = "Финансы и статистика",
      year = 2008,
      numpages = 448,
      language = "russian"
}

@MISC{web:makeingsimpleGA,
      AUTHOR = "80.250.188.26",
      TITLE = "Разработка простого генетического алгоритма",
      YEAR = 2007,
      NOTE = "\url{http://www.wikiznanie.ru/ru-wz/index.php/%D0%A0%D0%B0%D0%B7%D1%80%D0%B0%D0%B1%D0%BE%D1%82%D0%BA%D0%B0_%D0%BF%D1%80%D0%BE%D1%81%D1%82%D0%BE%D0%B3%D0%BE_%D0%B3%D0%B5%D0%BD%D0%B5%D1%82%D0%B8%D1%87%D0%B5%D1%81%D0%BA%D0%BE%D0%B3%D0%BE_%D0%B0%D0%BB%D0%B3%D0%BE%D1%80%D0%B8%D1%82%D0%BC%D0%B0}"
}

@MISC{web:GrayCode,
      TITLE = "Код Грея",
      NOTE = "\url{http://ru.wikipedia.org/wiki/%D0%9A%D0%BE%D0%B4_%D0%93%D1%80%D0%B5%D1%8F}"
}

@MISC{web:OptimalCoding,
      AUTHOR = "Савчук, В. Л.",
      TITLE = "Оптимальное кодирование",
      NOTE = "\url{http://www.ie.tusur.ru/books/COI/page_07.htm}"
}

@article{web:1207.4318,
  author    = {Johannes M. Dieterich and Bernd Hartke},
  title     = {Empirical review of standard benchmark functions using evolutionary global optimization},
  journal   = {CoRR},
  volume    = {abs/1207.4318},
  year      = {2012},
  ee        = {http://arxiv.org/abs/1207.4318},
  bibsource = {DBLP, http://dblp.uni-trier.de}
}

@MISC{web:www.cs.unm.edu:AckleysFunction,
      TITLE = "Ackley's Function",
      NOTE = "\url{http://www.cs.unm.edu/~neal.holts/dga/benchmarkFunction/ackley.html}"
}

@MISC{web:wiki_Rastrigin_function,
      TITLE = "Rastrigin function",
      NOTE = "\url{http://en.wikipedia.org/wiki/Rastrigin_function}"
}

@MISC{web:non_linear_continuous,
      TITLE = "Non-linear Continuous Multi-Extremal Optimization",
      NOTE = "\url{http://www.maths.uq.edu.au/CEToolBox/node3.html}"
}

@MISC{web:parametric_optimization,
      TITLE = "Parametric Optimization",
      NOTE = "\url{http://www.pg.gda.pl/~mkwies/dyd/geadocu/fcnfun6.html}"
}

@MISC{web:wiki_Rosenbrock_function,
      TITLE = "Rosenbrock function",
      NOTE = "\url{http://en.wikipedia.org/wiki/Rosenbrock_function}"
}

@MISC{web:Rosenbrock_Function,
      TITLE = "Rosenbrock Function",
      NOTE = "\url{http://www-optima.amp.i.kyoto-u.ac.jp/member/student/hedar/Hedar_files/TestGO_files/Page2537.htm}"
}

@MISC{web:EquivalenceTournamentRanking,
      TITLE = "Equivalence of Probabilistic Tournament and Polynomial Ranking Selection",
      NOTE = "\url{http://www.hutter1.net/ai/select.pdf}",
	  YEAR = {2008},
	  author    = {Kassel Hingee and Marcus Hutter},
}

@BOOK{book:Bolshev1983,
      author = "Большев, Л. Н. and Смирнов, Н. В.",
      title = "Таблицы математической статистики",
      address = "М.",
      publisher = "Наука. Главная редакция физико-математической литературы",
      year = 1983,
      numpages = 416,
      language = "russian"
}